<?xml version="1.0" encoding="UTF-8"?><record xmlns="http://www.loc.gov/MARC21/slim" xmlns:cinclude="http://apache.org/cocoon/include/1.0" xmlns:zs="http://www.loc.gov/zing/srw/">
  <leader>00359nz  a2200133n  4500</leader>
  <controlfield tag="001">no2003047566</controlfield>
  <controlfield tag="003">DLC</controlfield>
  <controlfield tag="005">20030514052535.0</controlfield>
  <controlfield tag="008">030513n| acannaabn          |n aaa     c</controlfield>
  <datafield tag="010" ind1=" " ind2=" ">
    <subfield code="a">no2003047566</subfield>
  </datafield>
  <datafield tag="035" ind1=" " ind2=" ">
    <subfield code="a">(OCoLC)oca06048671</subfield>
  </datafield>
  <datafield tag="040" ind1=" " ind2=" ">
    <subfield code="a">AAP</subfield>
    <subfield code="b">eng</subfield>
    <subfield code="c">AAP</subfield>
  </datafield>
  <datafield tag="100" ind1="1" ind2=" ">
    <subfield code="a">Fitzsimmons, Chris</subfield>
  </datafield>
  <datafield tag="670" ind1=" " ind2=" ">
    <subfield code="a">Managing intellectual property, c2002:</subfield>
    <subfield code="b">t.p. (Chris Fitzsimmons)</subfield>
  </datafield>
</record>